@misc{pdf:fc,
      author = "Tom Weimer",
      title = "Fibre Channel Fundamentals",
      howpublished = "\url{http://www.unylogix.com/data_storage/raid_san/PDFs/White_Paper_Fibre_Channel_Fundamentals.pdf}"
}
@misc{pdf:iscsi-fc,
      author = "Stephen Bigelow",
      title = "iSCSI vs. Fibre Channel Explained",
      year = 2007,
      howpublished = "\url{http://www.cuttedge.com/files/iscsi_vs_fiberchannel_explain.pdf}"
}
@misc{pdf:iscsi,
      author = "Ben Rockwood",
      title = "A Quick Guide to iSCSI on Linux",
      year = 2004,
      howpublished = "\url{http://cuddletech.com/articles/iscsi/iscsiref.pdf}"
}
@misc{pdf:dfs,
      author = "Eliezer Levy and Abraham Silberschatz",
      title = "Distributed  File  Systems:  Concepts  and  Examples",
      year = 1990,
      howpublished = "\url{http://courses.cs.vt.edu/cs5204/fall02/Papers/FileSystems/DistributedFileSystemsSurvey.pdf}"
}
@misc{pdf:gluster,
      author = "Gluster, Inc.",
      title = "Introduction to Gluster",
      year = 2010,
      howpublished = "\url{http://www.think88.com/Examples/Introduction_to_Gluster.pdf}"
}
@misc{web:lustre,
      author = "whamcloud",
      title = "New to Lustre?",
      howpublished = "\url{http://www.whamcloud.com/lustre/support/new-to-lustre/}"
}
@misc{pdf:lustre,
      author = "Feiyi Wang and Sarp Oral and Galen Shipman and Oleg Drokin and Tom Wang and Isaac Huang",
      title = "Understanding Lustre Filesystem Internals",
      year = 2009,
      howpublished = "\url{http://wiki.lustre.org/images/d/da/Understanding_Lustre_Filesystem_Internals.pdf}"
}
@misc{pdf:ocfs2,
      author = "Sunil Mushran",
      title = "OCFS2 a cluster file system for linux",
      year = 2010,
      howpublished = "\url{http://oss.oracle.com/projects/ocfs2/dist/documentation/v1.6/ocfs2-1_6-usersguide.pdf}"
}
@misc{pdf:gfs2,
      author = "Steven Whitehouse",
      title = "Cluster Suite Overview",
      year = 2007,
      howpublished = "\url{http://kernel.org/doc/ols/2007/ols2007v2-pages-253-260.pdf}"
}
@misc{web:rhcs-dokumentacia,
      author = "Red Hat",
      title = "Cluster Suite Overview",
      year = 2010,
      howpublished = "\url{http://docs.redhat.com/docs/en-US/Red_Hat_Enterprise_Linux/5/html/Cluster_Suite_Overview/index.html}"
}
@misc{web:linux-virtual-server,
      author = "LVS",
      title = "Linux Virtual Server",
      howpublished = "\url{http://www.linuxvirtualserver.org/}"
}
@misc{pdf:approaches-for-ha,
      author = "Hee Yong Youn and Chansu Yu and Dong Soo Han and Dongman Lee",
      title = "The Approaches for High Available and Fault-Tolerant Cluster systems"
}
@misc{pdf:filesystem-comparison,
      author = "Giuseppe Paternò",
      title = "Filesystem Comparison NFS, GFS2, OCFS2",
      year = 2010,
      howpublished = "\url{http://www.gpaterno.com/publications/2010/dublin_ossbarcamp_2010_fs_comparison.pdf}"
}
@book{pdf:ha-and-disaster-recovery,
    author    = "Klaus Schmidt",
    title     = "High Availability and Disaster Recovery",
    year      = "2006",
    publisher = "Springer"
}
@book{pdf:ha-blueprints,
    author    = "Evan Marcus and Hal Stern",
    title     = "Blueprints for High Availability Second Edition",
    year      = "2003",
    publisher = "Wiley Publishing"
}
@misc{web:networksandservers,
      author = "Trimegisto",
      title = "Networks and Servers: High Availability - Measurement",
      year = 2011,
      howpublished = "\url{http://networksandservers.blogspot.com/2011/02/high-availability-measurement.html}"
}
@misc{pdf:managing-the-cost-of-downtime,
      author = "Constant Data, Inc.",
      title = "Managing the cost of downtime",
      year = 2004,
      howpublished = "\url{http://costkiller.net/tribune/Tribu-PDF/MANAGING-THE-COSTS-OF-DOWNTIME.pdf}"
}
@misc{web:infrastructures.org,
      author = "Steve Traugott",
      title = "Disaster Recovery",
      howpublished = "\url{http://www.infrastructures.org/bootstrap/recovery.shtml}"
}

@misc{web:techtarget.com,
      author = "Con Diamantis, Yoshinobu Yamamura",
      title = "What is RAID",
      year = 2008,
      howpublished = "\url{http://searchstorage.techtarget.com/definition/RAID}"
}

@misc{web:cyberciti.biz,
      author = "Vivek Gite",
      title = "Software Vs Hardware RAID",
      year = 2009,
      howpublished = "\url{http://www.cyberciti.biz/tips/raid-hardware-vs-raid-software.html}"
}

@misc{web:Heartbeat-vs-OpenAIS,
      author = "Smaine Kahlouch",
      title = "Heartbeat vs OpenAIS",
      year = 2010,
      howpublished = "\url{http://answerpot.com/showthread.php?124007-Heartbeat+vs+OpenAIS}"
}

@misc{web:ClusterLabs,
      author = "Beekhof",
      title = "FAQ - ClusterLabs",
      year = 2010,
      howpublished = "\url{http://clusterlabs.org/wiki/FAQ#Organizational}"
}

@misc{web:linux-ha.org,
      author = "Beekhof",
      title = "Linux-HA",
      year = 2011,
      howpublished = "\url{http://linux-ha.org/wiki/Main_Page}"
}

@misc{web:openais.org,
      author = "OpenAIS",
      title = "Dokumentácia OpenAIS",
      howpublished = "\url{http://www.openais.org/doku.php}"
}

@misc{web:drbd.org,
      author = "Linbit",
      title = "DRBD dokumentácia",
      howpublished = "\url{http://www.drbd.org/}"
}

@misc{web:split-brain-quo,
      author = "Alan Robertson",
      title = "Split-brain, Quorum, and Fencing - updated",
			year = 2007,
      howpublished = "\url{http://techthoughts.typepad.com/managing_computers/2007/10/split-brain-quo.html}"
}

@misc{web:felk.cvut.cz,
      author = "FEL ČVUT",
      title = "CRM (Resource Agents)",
			year = 2011,
      howpublished = "\url{https://support.dce.felk.cvut.cz/mediawiki/index.php/CRM_(Resource_Agents)}"
}

@misc{web:opensuse.org,
      author = "OpenSuse",
      title = "Fencing and STONITH",
      howpublished = "\url{http://doc.opensuse.org/products/draft/SLE-HA/SLE-ha-guide_sd_draft/cha.ha.fencing.html}"
}

@misc{web:pcmag.com-ha,
      author = "PC Magazine Encyclopedia",
      title = "High availability Definition",
      howpublished = "\url{http://www.pcmag.com/encyclopedia_term/0,1233,t=high+availability&i=44246,00.asp}"
}

@misc{web:pcmag.com-failover,
      author = "PC Magazine Encyclopedia",
      title = "Failover Definition",
      howpublished = "\url{http://www.pcmag.com/encyclopedia_term/0,1233,t=failover&i=42980,00.asp}"
}

@misc{web:techtarget.com-san,
      author = "Laura Lee Brennan and Marc Olanie",
      title = "What is storage area network (SAN)?",
			year = 2008,
      howpublished = "\url{http://searchstorage.techtarget.com/definition/storage-area-network-SAN}"
}
@misc{web:storage-area-network-1-uvod,
      author = "Marek Stopka",
      title = "Storage Area Network – 1 (úvod)",
			year = 2010,
      howpublished = "\url{http://www.abclinuxu.cz/clanky/storage-area-network-1-uvod}"
}

@misc{web:Difference-Between-NAS-and-SAN-3-Considerations,
      author = "Sean Kline",
      title = "Difference Between NAS and SAN - 3 Considerations",
			year = 2011,
      howpublished = "\url{http://www.turbotekcomputer.com/resources/small-business-it-blog/bid/58074/Difference-Between-NAS-and-SAN-3-Considerations}"
}
@misc{pdf:cman,
    author    = "Christine Caulfield",
    title     = "Whatever happened to cman?",
    year      = "2009",
		howpublished = "\url{http://people.redhat.com/ccaulfie/docs/Whither%20cman.pdf}"
}
@misc{web:msg00023,
    author    = "Andrew Beekhof",
    title     = "Documentation for cluster beginner and pacemaker vs rgmanager",
    year      = "2011",
		howpublished = "\url{http://www.redhat.com/archives/linux-cluster/2011-May/msg00023.html}"
}
@mastersthesis{tomaszvala,
    author    = "Tomáš Zvala",
    title     = "Zajištění vysoké dostupnosti dat u virtuálních serverů",
    school    = "Vysoká škola ekonomická v Praze",
    year      = "2009",
}
@mastersthesis{radekzima,
    author    = "Radek Zima",
    title     = "Zajištění dostupnosti IT infrastruktury pro podporu firemních procesů",
    school    = "Vysoká škola ekonomická v Praze",
    year      = "2004",
}

@misc{del:bworld,
  author = {Ingo Lutkebohle},
  title = {{BWorld Robot Control Software}},
  howpublished = "\url{http://aiweb.techfak.uni-bielefeld.de/content/bworld-robot-control-software/}",
  year = {2008}, 
  note = "[Online; accessed 19-July-2008]"
}